%YAML 1.1
%TAG !u! tag:unity3d.com,2011:
--- !u!245 &-7949429262453101000
AudioMixerSnapshotController:
  m_ObjectHideFlags: 0
  m_CorrespondingSourceObject: {fileID: 0}
  m_PrefabInstance: {fileID: 0}
  m_PrefabAsset: {fileID: 0}
  m_Name: Snapshot echo
  m_AudioMixer: {fileID: 24100000}
  m_SnapshotID: 6283ea2fdaad24c50847b4f62265dfda
  m_FloatValues:
    1c99b2701b2e2448b92b4d312fa16e72: 0.44032478
    8885c746e280f4c728f2da42c0f70010: -14.96685
  m_TransitionOverrides: {}
--- !u!243 &-5779294465389541371
AudioMixerGroupController:
  m_ObjectHideFlags: 0
  m_CorrespondingSourceObject: {fileID: 0}
  m_PrefabInstance: {fileID: 0}
  m_PrefabAsset: {fileID: 0}
  m_Name: Sound
  m_AudioMixer: {fileID: 24100000}
  m_GroupID: 4836e2a415e6b43cc934656bc40ed57c
  m_Children: []
  m_Volume: ed8f09055cadb4cd6a4b0167e8b54e81
  m_Pitch: f12695b3f51c44c68af484a95ce0fe4d
  m_Send: 00000000000000000000000000000000
  m_Effects:
  - {fileID: -5132460790925330309}
  m_UserColorIndex: 0
  m_Mute: 0
  m_Solo: 0
  m_BypassEffects: 0
--- !u!244 &-5132460790925330309
AudioMixerEffectController:
  m_ObjectHideFlags: 3
  m_CorrespondingSourceObject: {fileID: 0}
  m_PrefabInstance: {fileID: 0}
  m_PrefabAsset: {fileID: 0}
  m_Name: 
  m_EffectID: c26609f2d6e0e434bbc9cce46ee8f552
  m_EffectName: Attenuation
  m_MixLevel: b8d08c68ac0c2478da79be980c31b052
  m_Parameters: []
  m_SendTarget: {fileID: 0}
  m_EnableWetMix: 0
  m_Bypass: 0
--- !u!243 &-2259960877765979809
AudioMixerGroupController:
  m_ObjectHideFlags: 0
  m_CorrespondingSourceObject: {fileID: 0}
  m_PrefabInstance: {fileID: 0}
  m_PrefabAsset: {fileID: 0}
  m_Name: Background
  m_AudioMixer: {fileID: 24100000}
  m_GroupID: f1dab8fbf4e7b4e06bb1396de89fd43f
  m_Children: []
  m_Volume: 1c99b2701b2e2448b92b4d312fa16e72
  m_Pitch: f442120d4d0e24fe4a0ccac3fef30809
  m_Send: 00000000000000000000000000000000
  m_Effects:
  - {fileID: 4108183813570290390}
  m_UserColorIndex: 0
  m_Mute: 0
  m_Solo: 0
  m_BypassEffects: 0
--- !u!244 &-1151490840429125446
AudioMixerEffectController:
  m_ObjectHideFlags: 3
  m_CorrespondingSourceObject: {fileID: 0}
  m_PrefabInstance: {fileID: 0}
  m_PrefabAsset: {fileID: 0}
  m_Name: 
  m_EffectID: 6ab4ee49f606441d29227a5733171677
  m_EffectName: Echo
  m_MixLevel: 5989488c2407b483db4401ebc6344ce2
  m_Parameters:
  - m_ParameterName: Delay
    m_GUID: a0a95462f12a24157bbfd336ed06843a
  - m_ParameterName: Decay
    m_GUID: c8dfe64a91b954aac9c568c43a4e9175
  - m_ParameterName: Max channels
    m_GUID: e566c57b39fd240fe9dc0f66dd13eb8f
  - m_ParameterName: Drymix
    m_GUID: 678ccb136ffc24e32af417fcbf88301a
  - m_ParameterName: Wetmix
    m_GUID: 5c9bdcc345ce14e7aba798f828dda3d9
  m_SendTarget: {fileID: 0}
  m_EnableWetMix: 0
  m_Bypass: 0
--- !u!244 &-447960784572026595
AudioMixerEffectController:
  m_ObjectHideFlags: 3
  m_CorrespondingSourceObject: {fileID: 0}
  m_PrefabInstance: {fileID: 0}
  m_PrefabAsset: {fileID: 0}
  m_Name: 
  m_EffectID: 5958d41a3b51348b581eb48070b19d88
  m_EffectName: Echo
  m_MixLevel: fa9e71b834dac4f24be0889f3271480a
  m_Parameters:
  - m_ParameterName: Delay
    m_GUID: e723a73d331464dfd983a78f37ef8c3f
  - m_ParameterName: Decay
    m_GUID: 59435325428fd4468b7d2f49f0a4e7e4
  - m_ParameterName: Max channels
    m_GUID: bcbcb02bfe67d4edf9b58f4cca2129a2
  - m_ParameterName: Drymix
    m_GUID: ffa75f6c54cc0450d80e9ea152b76d70
  - m_ParameterName: Wetmix
    m_GUID: 6de8ccb50ab3c46ca9dc2f03bb2fa3d6
  m_SendTarget: {fileID: 0}
  m_EnableWetMix: 0
  m_Bypass: 0
--- !u!241 &24100000
AudioMixerController:
  m_ObjectHideFlags: 0
  m_CorrespondingSourceObject: {fileID: 0}
  m_PrefabInstance: {fileID: 0}
  m_PrefabAsset: {fileID: 0}
  m_Name: MyAudioMixer
  m_OutputGroup: {fileID: 0}
  m_MasterGroup: {fileID: 24300002}
  m_Snapshots:
  - {fileID: 24500006}
  - {fileID: -7949429262453101000}
  m_StartSnapshot: {fileID: 24500006}
  m_SuspendThreshold: -80
  m_EnableSuspend: 1
  m_UpdateMode: 0
  m_ExposedParameters:
  - guid: 8885c746e280f4c728f2da42c0f70010
    name: Volume
  m_AudioMixerGroupViews:
  - guids:
    - 4778fadacf5cb43cabe04ceae677f1a7
    - f1dab8fbf4e7b4e06bb1396de89fd43f
    - 4836e2a415e6b43cc934656bc40ed57c
    name: View
  m_CurrentViewIndex: 0
  m_TargetSnapshot: {fileID: -7949429262453101000}
--- !u!243 &24300002
AudioMixerGroupController:
  m_ObjectHideFlags: 0
  m_CorrespondingSourceObject: {fileID: 0}
  m_PrefabInstance: {fileID: 0}
  m_PrefabAsset: {fileID: 0}
  m_Name: Master
  m_AudioMixer: {fileID: 24100000}
  m_GroupID: 4778fadacf5cb43cabe04ceae677f1a7
  m_Children:
  - {fileID: -2259960877765979809}
  - {fileID: -5779294465389541371}
  m_Volume: 8885c746e280f4c728f2da42c0f70010
  m_Pitch: 76c39539e5b294626bd202111fd3cc76
  m_Send: 00000000000000000000000000000000
  m_Effects:
  - {fileID: 24400004}
  - {fileID: -1151490840429125446}
  m_UserColorIndex: 0
  m_Mute: 0
  m_Solo: 0
  m_BypassEffects: 0
--- !u!244 &24400004
AudioMixerEffectController:
  m_ObjectHideFlags: 3
  m_CorrespondingSourceObject: {fileID: 0}
  m_PrefabInstance: {fileID: 0}
  m_PrefabAsset: {fileID: 0}
  m_Name: 
  m_EffectID: 8a512ef93d70a4fdbb22af38479dae81
  m_EffectName: Attenuation
  m_MixLevel: abcb04ea382da45f18dc2080126d023b
  m_Parameters: []
  m_SendTarget: {fileID: 0}
  m_EnableWetMix: 0
  m_Bypass: 0
--- !u!245 &24500006
AudioMixerSnapshotController:
  m_ObjectHideFlags: 0
  m_CorrespondingSourceObject: {fileID: 0}
  m_PrefabInstance: {fileID: 0}
  m_PrefabAsset: {fileID: 0}
  m_Name: Snapshot normal
  m_AudioMixer: {fileID: 24100000}
  m_SnapshotID: fdd4148845bf4433f9cb5894fe66f151
  m_FloatValues:
    1c99b2701b2e2448b92b4d312fa16e72: 0.44032478
    a0a95462f12a24157bbfd336ed06843a: 1
    678ccb136ffc24e32af417fcbf88301a: 0
    5c9bdcc345ce14e7aba798f828dda3d9: 1
    8885c746e280f4c728f2da42c0f70010: 0.3945702
  m_TransitionOverrides: {}
--- !u!244 &4108183813570290390
AudioMixerEffectController:
  m_ObjectHideFlags: 3
  m_CorrespondingSourceObject: {fileID: 0}
  m_PrefabInstance: {fileID: 0}
  m_PrefabAsset: {fileID: 0}
  m_Name: 
  m_EffectID: 97ece4349f00d4fd4860758e11b67e18
  m_EffectName: Attenuation
  m_MixLevel: 7b5e28fa135e64ecbbcdf51b486540d1
  m_Parameters: []
  m_SendTarget: {fileID: 0}
  m_EnableWetMix: 0
  m_Bypass: 0
